@www{fbi,
  institution = "FBI",
  url = "
         https://www.fbi.gov/how-we-can-help-you/dna-fingerprint-act-of-2005-expungement-policy/codis-and-ndis-fact-sheet
         ",
  keywords = "loci",
}

@article{translucentid,
  author = "Ricke, D. O. and Watkins, J. and Fremont-Smith, P. and Petrovick, M.
            S. and Boettcher, T. and Schwoebel, E.",
  title = "TranslucentID: analysis of complex DNA SNP mixtures with large
           numbers of donors",
  journaltitle = "Australian Journal of Forensic Sciences",
  year = "2021",
  url = "https://doi.org/10.1080/00450618.2019.1699958",
}

@inproceedings{dna_forensic,
  author = "Michaleas, A. and Fremont-Smith, P. and Lennartz, C. and Ricke, D.
            O.",
  title = "Parallel Computing with DNA Forensics Data",
  booktitle = "IEEE High Performance Extreme Computing Conference (HPEC)",
  year = "2022",
  url = "https://ieeexplore.ieee.org/document/9926352",
}

@inproceedings{fastid,
  author = "Ricke D. O",
  title = "FastID: Extremely fast forensic DNA comparisons",
  booktitle = "2017 IEEE High Performance Extreme Computing Conference (HPEC)",
  year = "2017",
  url = "https://ieeexplore.ieee.org/document/8091056",
}

@www{genomes,
  institution = "internationalgenome",
  url = "https://www.internationalgenome.org/",
}
